<record><leader>00000cas a2200000 a 4500</leader><controlfield tag="001">13115125</controlfield><controlfield tag="008">860206d19161959iaudn ne      0    0eng d</controlfield><datafield ind1=" " ind2=" " tag="010"><subfield code="a">sn 86063088 </subfield></datafield><datafield ind1=" " ind2=" " tag="040"><subfield code="a">KSH</subfield><subfield code="b">eng</subfield><subfield code="c">KSH</subfield><subfield code="d">NPT</subfield><subfield code="d">INP</subfield><subfield code="d">OCL</subfield><subfield code="d">UBY</subfield><subfield code="d">OCLCQ</subfield><subfield code="d">OCLCF</subfield><subfield code="d">OCLCO</subfield></datafield><datafield ind1="1" ind2=" " tag="029"><subfield code="a">AU@</subfield><subfield code="b">000022167124</subfield></datafield><datafield ind1=" " ind2=" " tag="042"><subfield code="a">msc</subfield></datafield><datafield ind1=" " ind2=" " tag="043"><subfield code="a">n-us-ia</subfield></datafield><datafield ind1="0" ind2="0" tag="245"><subfield code="a">Centerville daily Iowegian and citizen.</subfield></datafield><datafield ind1="3" ind2="0" tag="246"><subfield code="a">Centerville Iowegian</subfield></datafield><datafield ind1=" " ind2=" " tag="260"><subfield code="a">Centerville, Iowa :</subfield><subfield code="b">Iowegian Print. Co.,</subfield><subfield code="c">1916-1959.</subfield></datafield><datafield ind1=" " ind2=" " tag="300"><subfield code="a">55 v. :</subfield><subfield code="b">ill. ;</subfield><subfield code="c">55-59 cm.</subfield></datafield><datafield ind1=" " ind2=" " tag="310"><subfield code="a">Daily (except Sunday)</subfield></datafield><datafield ind1="0" ind2=" " tag="362"><subfield code="a">Vol. 22, no. 130 (June 1, 1916)-v. 76, no. 237 (Oct. 10, 1959).</subfield></datafield><datafield ind1=" " ind2=" " tag="500"><subfield code="a">Publisher varies.</subfield></datafield><datafield ind1=" " ind2=" " tag="525"><subfield code="a">Includes occasional supplements.</subfield></datafield><datafield ind1=" " ind2="0" tag="651"><subfield code="a">Centerville (Iowa)</subfield><subfield code="v">Newspapers.</subfield></datafield><datafield ind1=" " ind2="7" tag="655"><subfield code="a">Newspapers.</subfield><subfield code="2">fast</subfield><subfield code="0">(OCoLC)fst01423814</subfield></datafield><datafield ind1=" " ind2="7" tag="651"><subfield code="a">Iowa</subfield><subfield code="z">Centerville.</subfield><subfield code="2">fast</subfield><subfield code="0">(OCoLC)fst01220944</subfield></datafield><datafield ind1=" " ind2=" " tag="752"><subfield code="a">United States</subfield><subfield code="b">Iowa</subfield><subfield code="c">Appanoose</subfield><subfield code="d">Centerville.</subfield></datafield><datafield ind1="0" ind2="0" tag="780"><subfield code="t">Centerville daily citizen</subfield><subfield code="w">(DLC)sn 87057246</subfield></datafield><datafield ind1="0" ind2="5" tag="780"><subfield code="t">Semi-weekly Iowegian</subfield><subfield code="w">(DLC)sn 87058040</subfield></datafield><datafield ind1="0" ind2="0" tag="785"><subfield code="t">Centerville Iowegian and citizen</subfield><subfield code="w">(DLC)sn 87058028</subfield></datafield></record>